@online{Princeton2017University,
  author = {Princeton University},
  title = {{Princeton University}: Marriage Dissolution in the U.S},
  year = 2017,
  url = {http://web.archive.org/web/20080207010024/http://www.808multimedia.com/winnt/kernel.htm},
  urldate = {2018-01-20}
}

@online{Census2018Bureau,
  author = {The United States Census Bureau},
  title = {{The United States Census Bureau} :Small Area Income and Poverty Estimates},
  year = 2018,
  url = {https://www.census.gov/data-tools/demo/saipe/saipe.html?s_appName=saipe&map_yearSelector=2016&map_geoSelector=aa_c},
  urldate = {2018-03-08}
}

@article{berkman2000social,
  title={From social integration to health: Durkheim in the new millenniumâ˜†},
  author={Berkman, Lisa F and Glass, Thomas and Brissette, Ian and Seeman, Teresa E},
  journal={Social science \& medicine},
  volume={51},
  number={6},
  pages={843--857},
  year={2000},
  publisher={Elsevier}
}

@article{overbeek2006longitudinal,
  title={Longitudinal associations of marital quality and marital dissolution with the incidence of DSM-III-R disorders.},
  author={Overbeek, Geertjan and Vollebergh, Wilma and de Graaf, Ron and Scholte, Ron and de Kemp, Raymond and Engels, Rutger},
  journal={Journal of Family Psychology},
  volume={20},
  number={2},
  pages={284},
  year={2006},
  publisher={US: American Psychological Association}
}

@article{grundy2005reciprocity,
  title={Reciprocity in relationships: socio-economic and health influences on intergenerational exchanges between Third Age parents and their adult children in Great Britain},
  author={Grundy, Emily},
  journal={The British Journal of Sociology},
  volume={56},
  number={2},
  pages={233--255},
  year={2005},
  publisher={Wiley Online Library}
}

@article{cherlin2010demographic,
  title={Demographic trends in the United States: A review of research in the 2000s},
  author={Cherlin, Andrew J},
  journal={Journal of Marriage and Family},
  volume={72},
  number={3},
  pages={403--419},
  year={2010},
  publisher={Wiley Online Library}
}

@article{billari2010towards,
  title={Towards a new pattern of transition to adulthood?},
  author={Billari, Francesco C and Liefbroer, Aart C},
  journal={Advances in Life Course Research},
  volume={15},
  number={2-3},
  pages={59--75},
  year={2010},
  publisher={Elsevier}
}

@article{laland2006niche,
  title={Niche construction, human behavior, and the adaptive-lag hypothesis},
  author={Laland, Kevin N and Brown, Gillian R},
  journal={Evolutionary Anthropology: Issues, News, and Reviews},
  volume={15},
  number={3},
  pages={95--104},
  year={2006},
  publisher={Wiley Online Library}
}

@article{hirschman2003cultural,
  title={Cultural and socioeconomic influences on divorce during modernization: Southeast Asia, 1940s to 1960s},
  author={Hirschman, Charles and Teerawichitchainan, Bussarawan},
  journal={Population and Development Review},
  volume={29},
  number={2},
  pages={215--253},
  year={2003},
  publisher={Wiley Online Library}
}

@article{hammer2006scenes,
  title={Scenes from a marriage: World Bank economists and social capital},
  author={Hammer, Jeffrey and Pritchett, Lant},
  journal={The search for empowerment: Social capital as idea and practice at the World Bank},
  pages={63--90},
  year={2006},
  publisher={Kumarian Press}
}

@article{kennedy2014breaking,
  title={Breaking up is hard to count: The rise of divorce in the United States, 1980--2010},
  author={Kennedy, Sheela and Ruggles, Steven},
  journal={Demography},
  volume={51},
  number={2},
  pages={587--598},
  year={2014},
  publisher={Springer}
}

@book{unicef2005early,
  title={Early marriage a harmful traditional practice a statistical exploration 2005},
  author={UNICEF.},
  year={2005},
  publisher={Unicef}
}

@article{rennison2000intimate,
  title={Intimate partner violence},
  author={Rennison, Callie Marie and Welchans, Sarah},
  journal={violence against women},
  volume={1993},
  pages={98},
  year={2000},
  publisher={Citeseer}
}

@article{vanlaningham2001marital,
  title={Marital happiness, marital duration, and the U-shaped curve: Evidence from a five-wave panel study},
  author={VanLaningham, Jody and Johnson, David R and Amato, Paul},
  journal={Social Forces},
  volume={79},
  number={4},
  pages={1313--1341},
  year={2001},
  publisher={The University of North Carolina Press}
}

@article{alba1986patterns,
  title={Patterns of ethnic marriage in the United States},
  author={Alba, Richard D and Golden, Reid M},
  journal={Social forces},
  volume={65},
  number={1},
  pages={202--223},
  year={1986},
  publisher={The University of North Carolina Press}
}

@article{klein2003censoring,
  title={Censoring and truncation},
  author={Klein, John P and Moeschberger, Melvin L},
  journal={Survival Analysis: Techniques for Censored and Truncated Data},
  pages={63--90},
  year={2003},
  publisher={Springer}
}

@book{klein2005survival,
  title={Survival analysis: techniques for censored and truncated data},
  author={Klein, John P and Moeschberger, Melvin L},
  year={2005},
  publisher={Springer Science \& Business Media}
}

@book{dunn2009basic,
  title={Basic statistics: a primer for the biomedical sciences},
  author={Dunn, Olive Jean and Clark, Virginia A},
  year={2009},
  publisher={John Wiley \& Sons}
}

@article{kaplan1958nonparametric,
  title={Nonparametric estimation from incomplete observations},
  author={Kaplan, Edward L and Meier, Paul},
  journal={Journal of the American statistical association},
  volume={53},
  number={282},
  pages={457--481},
  year={1958},
  publisher={Taylor \& Francis}
}

@article{falicov1998cultural,
  title={The cultural meaning of family triangles},
  author={Falicov, Celia Jaes},
  journal={Re-visioning family therapy: Race, culture, and gender in clinical practice},
  pages={37--49},
  year={1998},
  publisher={Guilford Press}
}

@article{goldstein2001marriage,
  title={Marriage delayed or marriage forgone? New cohort forecasts of first marriage for US women},
  author={Goldstein, Joshua R and Kenney, Catherine T},
  journal={American Sociological Review},
  pages={506--519},
  year={2001},
  publisher={JSTOR}
}

@article{sampson1987urban,
  title={Urban black violence: The effect of male joblessness and family disruption},
  author={Sampson, Robert J},
  journal={American journal of Sociology},
  volume={93},
  number={2},
  pages={348--382},
  year={1987},
  publisher={University of Chicago Press}
}

@article{hogan1978effects,
  title={The effects of demographic factors, family background, and early job achievement on age at marriage},
  author={Hogan, Dennis P},
  journal={Demography},
  volume={15},
  number={2},
  pages={161--175},
  year={1978},
  publisher={Springer}
}

@article{burgess2003role,
  title={The role of income in marriage and divorce transitions among young Americans},
  author={Burgess, Simon and Propper, Carol and Aassve, Arnstein},
  journal={Journal of Population Economics},
  volume={16},
  number={3},
  pages={455--475},
  year={2003},
  publisher={Springer}
}

@article{cutler1958maximum,
  title={Maximum utilization of the life table method in analyzing survival},
  author={Cutler, Sidney J and Ederer, Fred},
  journal={Journal of chronic diseases},
  volume={8},
  number={6},
  pages={699--712},
  year={1958},
  publisher={Elsevier}
}

@article{powell1994estimation,
  title={Estimation of semiparametric models},
  author={Powell, James L},
  journal={Handbook of econometrics},
  volume={4},
  pages={2443--2521},
  year={1994},
  publisher={Elsevier}
}

@article{aseltine1993marital,
  title={Marital disruption and depression in a community sample},
  author={Aseltine Jr, Robert H and Kessler, Ronald C},
  journal={Journal of health and social behavior},
  pages={237--251},
  year={1993},
  publisher={JSTOR}
}

@article{scherzinger1997huntingtin,
  title={Huntingtin-encoded polyglutamine expansions form amyloid-like protein aggregates in vitro and in vivo},
  author={Scherzinger, Eberhard and Lurz, Rudi and Turmaine, Mark and Mangiarini, Laura and Hollenbach, Birgit and Hasenbank, Renate and Bates, Gillian P and Davies, Stephen W and Lehrach, Hans and Wanker, Erich E},
  journal={Cell},
  volume={90},
  number={3},
  pages={549--558},
  year={1997},
  publisher={Elsevier}
}

@article{david1996family,
  title={Family structure, family process, and adolescent well-being},
  author={David, H and Demo, David H and Acock, Alan C},
  journal={Journal of Research on Adolescence},
  volume={6},
  pages={457--488},
  year={1996}
}

@article{lorenz1997cognitive,
  title={Cognitive performance, mood and experimental pain before and during morphine-induced analgesia in patients with chronic non-malignant pain},
  author={Lorenz, J{\"u}rgen and Beck, Helge and Bromm, Burkhart},
  journal={Pain},
  volume={73},
  number={3},
  pages={369--375},
  year={1997},
  publisher={Elsevier}
}

@article{marks1996european,
  title={European integration from the 1980s: State-centric v. multi-level governance},
  author={Marks, Gary and Hooghe, Liesbet and Blank, Kermit},
  journal={JCMS: Journal of Common Market Studies},
  volume={34},
  number={3},
  pages={341--378},
  year={1996},
  publisher={Wiley Online Library}
}

@article{johnson2002empirical,
  title={An empirical test of crisis, social selection, and role explanations of the relationship between marital disruption and psychological distress: A pooled time-series analysis of four-wave panel data},
  author={Johnson, David R and Wu, Jian},
  journal={Journal of Marriage and Family},
  volume={64},
  number={1},
  pages={211--224},
  year={2002},
  publisher={Wiley Online Library}
}

@article{aldous1999family,
  title={Family life and the pursuit of happiness: The influence of gender and race},
  author={Aldous, Joan and Ganey, Rodney F},
  journal={Journal of Family Issues},
  volume={20},
  number={2},
  pages={155--180},
  year={1999},
  publisher={SAGE Publications, Inc.}
}

@article{hemstrom1996marriage,
  title={Is marriage dissolution linked to differences in mortality risks for men and women?},
  author={Hemstr{\"o}m, {\"O}rjan},
  journal={Journal of Marriage and the Family},
  pages={366--378},
  year={1996},
  publisher={JSTOR}
}

@article{smith2008social,
  title={Social networks and health},
  author={Smith, Kirsten P and Christakis, Nicholas A},
  journal={Annu. Rev. Sociol},
  volume={34},
  pages={405--429},
  year={2008},
  publisher={Annual Reviews}





















